@inproceedings{huang2017counterpoint,
 title={Counterpoint by Convolution},
 author={Huang, Cheng-Zhi Anna and Cooijmans, Tim and Roberts, Adam and Courville, Aaron and Eck, Douglas},
 booktitle = {International Society for Music Information Retrieval (ISMIR)},
 year={2017}
}

@misc{bachmid,
  title = {A John Sebastian Bach Midi Page},
  author = {Wolfgang Schmieder},
  howpublished = {\url{https://www.bachcentral.com/midiindexcomplete.html}},
  note = {Accessed: 2023-03-24}
}

@misc{python-mid,
  title = {Mido - MIDI Objects for Python},
  howpublished = {\url{https://mido.readthedocs.io/en/latest/index.html}},
}
